% This file was created with JabRef 2.8.
% Encoding: UTF8
% This file was created with JabRef 2.8.
% Encoding: UTF8

@article{haapala2014comparative,
  title={Comparative life cycle assessment of 2.0 MW wind turbines},
  author={Haapala, Karl R and Prempreeda, Preedanood},
  journal={International Journal of Sustainable Manufacturing},
  volume={3},
  number={2},
  pages={170--185},
  year={2014},
  publisher={Inderscience Publishers Ltd}
}